<?xml version="1.0" encoding="UTF-8"?><collection xmlns="http://www.loc.gov/MARC21/slim"><record><leader>00337nam--2200133-i-4500</leader><controlfield tag="001">000012640</controlfield><controlfield tag="002">20161230</controlfield><controlfield tag="005">20161230201029</controlfield><controlfield tag="008">060222s1000------------r-----000-0-eng-d</controlfield><datafield ind1=" " ind2=" " tag="100"><subfield code="a">Dussaulx, P</subfield></datafield><datafield ind1=" " ind2=" " tag="245"><subfield code="a">Controle interne et informatique</subfield></datafield><datafield ind1=" " ind2=" " tag="260"><subfield code="a">Paris, Dunod, 1969</subfield></datafield><datafield ind1=" " ind2=" " tag="490"><subfield code="a">Collection: La Vie De L Entreprise</subfield></datafield><datafield ind1=" " ind2=" " tag="852"><subfield code="a">65.012.7</subfield></datafield></record></collection>